@book{Forsyth:2002:CVM:580035,
 author = {Forsyth, David A. and Ponce, Jean},
 title = {Computer Vision: A Modern Approach},
 year = {2002},
 isbn = {0130851981},
 publisher = {Prentice Hall Professional Technical Reference},
} 

@book{szeliski2010computer,
  title={Computer vision: algorithms and applications},
  author={Szeliski, Richard},
  year={2010},
  publisher={Springer Science \& Business Media}
}


@Book{Hartley2004,
    author = "Hartley, R.~I. and Zisserman, A.",
    title = "Multiple View Geometry in Computer Vision",
    edition = "Second",
    year = "2004",
    publisher = "Cambridge University Press, ISBN: 0521540518"
} 

@article{HARTLEY1997146,
	title = "Triangulation",
	journal = "Computer Vision and Image Understanding",
	volume = "68",
	number = "2",
	pages = "146 - 157",
	year = "1997",
	issn = "1077-3142",
	doi = "https://doi.org/10.1006/cviu.1997.0547",
	url = "http://www.sciencedirect.com/science/article/pii/S1077314297905476",
	author = "Richard I. Hartley and Peter Sturm"
}
